@inproceedings{oakland15,
 author = {B.~H. Kim and D. Lie},
 title = {Caelus: Verifying the Consistency of Cloud Services with Battery-Powered Devices},
 booktitle = {Proc. of the 36th IEEE Symposium on Security and Privacy (S\&P '15)},
 year = {2015},
}

@article{sprov,
 author = {R. Hasan and R. Sion and M. Winslett},
 title = {Preventing History Forgery with Secure Provenance},
 journal = {ACM Trans. on Storage (ToS)},
 volume = {5},
 number = {4},
 year = {2009},
 pages = {12:1--12:43},
 publisher = {ACM},
} 

@MISC{linux,
      TITLE = "{Kernel.org Linux repository rooted in hack attack}",
      NOTE = "\url{http://www.theregister.co.uk/2011/08/31/linux_kernel_security_breach/}"
}

@MISC{linux-backdoor-2003,
    AUTHOR = "LWN",
    TITLE = "{Linux kernel backdoor attempt}",
    NOTE = "\url{https://lwn.net/Articles/57135/}"
}

@MISC{git-flaw,
      AUTHOR = "",
      TITLE = "{Critical Git flaw}",
      NOTE = "\url{http://www.net-security.org/secworld.php?id=17774}"
}

@MISC{aurora,
      AUTHOR = "",
      TITLE = "{Operation Aurora}",
      NOTE = "\url{https://en.wikipedia.org/wiki/Operation_Aurora}"
}

@MISC{aurora-scm,
    AUTHOR = "Wired",
    TITLE = "{'Google' Hackers had ability to alter source code'}",
    NOTE = "\url{https://www.wired.com/2010/03/source-code-hacks/}"
}


@MISC{debian-compromised,
      AUTHOR = "",
      TITLE = "{Some Debian Project machines compromised}",
      NOTE = "\url{https://www.debian.org/News/2003/20031121}"
}

@MISC{fedora-compromised,
      AUTHOR = "",
      TITLE = "{Fedora servers breached after external compromise}",
      NOTE = "\url{http://www.theregister.co.uk/2011/01/25/fedora_server_compromised/}"
}

@MISC{trusting-trust,
      AUTHOR = "Ken Thompson",
      TITLE = "{Reflections on Trusting Trust}",
      NOTE = "\url{http://cm.bell-labs.com/who/ken/trust.html}"
}


@MISC{rubygems,
      AUTHOR = "",
      TITLE = "{RubyGems.org Vulnerability Explained}",
      NOTE = "\url{https://gemfury.com/blog/2013/rubygems-vulnerability}"
}

@inproceedings{sundr-osdi04,
 author = {J. Li and M. Krohn and DMazi\`{e}res and D. Shasha},
 title = {Secure Untrusted Data Repository (SUNDR)},
 booktitle = {Proc. of the 6th USENIX Symposium on Operating Systems Design \& Implementation (OSDI '04)},
 year = {2004},
} 

@inproceedings{SPORC,
 author = {A.~J. Feldman and W.~P. Zeller and M.~J. Freedman and E.~W. Felten},
 title = {SPORC: Group Collaboration Using Untrusted Cloud Resources},
 booktitle = {Proc. of the 9th USENIX Symposium on Operating Systems Design \& Implementation (OSDI '10)},
 year = {2010},
} 

@MISC{codesonar,
      AUTHOR = "",
      TITLE = "{CodeSonar}",
      NOTE = "\url{http://www.grammatech.com/research/technologies/codesonar}"
}

@MISC{git,
      AUTHOR = "",
      TITLE = "{Git}",
      NOTE = "\url{https://git-scm.com/}"
}

@MISC{gerrit,
      AUTHOR = "",
      TITLE = "{Gerrit}",
      NOTE = "\url{https://www.gerritcodereview.com/}"
}

@MISC{git-horror-story,
      AUTHOR = "Mike Gerwitz",
      TITLE = "{A Git Horror Story: Repository Integrity With Signed Commits}",
      NOTE = "\url{http://mikegerwitz.com/papers/git-horror-story}"
}

@MISC{apso,
      AUTHOR = "",
      TITLE = "{Apso: Secrecy for Version Control Systems}",
      NOTE = "\url{http://aleph0.info/apso/}"
}

@inproceedings{pellegrini06,
 author = {J. Pellegrini},
 title = {Secrecy in concurrent version control systems},
 booktitle = {Presented at the Brazilian Symposium on Information and Computer Security (SBSeg 2006)},
 year = {2006},
} 

@INPROCEEDINGS{shirey15, 
author={Shirey, R.G. and Hopkinson, K.M. and Stewart, K.E. and Hodson, D.D. and Borghetti, B.J.}, 
booktitle={48th Hawaii International Conference on System Sciences (HICSS '15)}, 
title={Analysis of Implementations to Secure Git for Use as an Encrypted Distributed Version Control System}, 
year={2015}, 
pages={5310-5319}, 
}

@MISC{wheeler15,
      AUTHOR = "David A.~Wheeler",
      TITLE = "{Software Configuration Management (SCM) Security}",
      NOTE = "\url{http://www.dwheeler.com/essays/scm-security.html}"
}

@MISC{github-hacked-millions,
    AUTHOR = "{Extreme Tech}",
    TITLE = "{GitHub Hacked, millions of projects at risk of being modified or deleted}",
    NOTE = "\url{http://www.extremetech.com/computing/120981-github-hacked-millions-of-projects-at-risk-of-being-modified-or-deleted}"
}

@misc{github-compromised-ssh-keys,
    AUTHOR= "{Ars Technica}",
    TITLE = "{Assume your GitHub account is hacked, users with weak crypto keys told}",
    NOTE = "\url{http://arstechnica.com/security/2015/06/assume-your-github-account-is-hacked-users-with-weak-crypto-keys-told/}"
}

@MISC{github,
    TITLE = "GitHub",
    NOTE = "\url{https://github.com}"
}

@MISC{github-blog,
    TITLE = "The GitHub Blog",
    NOTE = "\url{https://github.com/blog}"
}

@MISC{github-roadmap,
    TITLE = "GitHub Platform Roadmap",
    NOTE = "\url{https://developer.github.com/early-access/platform-roadmap/}"
}


@MISC{gitlab,
    TITLE = "GitLab",
    NOTE = "\url{https://gitlab.com}"
}

@MISC{bitbucket,
    TITLE = "Bitbucket",
    NOTE = "\url{https://bitbucket.org}"
}

@MISC{sourceforge,
    TITLE = "SourceForge",
    NOTE = "\url{https://sourceforge.net}"
}

@MISC{assembla,
    TITLE = "Assembla",
    NOTE = "\url{https://www.assembla.com}"
}

@MISC{assembla,
    TITLE = "Assembla",
    NOTE = "\url{https://www.assembla.com}"
}

@MISC{rhodecode,
    TITLE = "RhodeCode",
    NOTE = "\url{https://rhodecode.com}"
}

@MISC{jira,
    TITLE = "Jira",
    NOTE = "\url{https://www.atlassian.com/software/jira}"
}

@MISC{phabricator,
    TITLE = "Phabricator",
    NOTE = "\url{https://www.phacility.com}"
}

@MISC{github-stats,
    TITLE = "GitHub features (retrieved on 2/7/2017)",
    NOTE = "\url{https://github.com/features}"
}


@MISC{npm,
    AUTHOR = "{How To Node}",
    TITLE = "Managing module dependencies",
    NOTE = "\url{http://howtonode.org/managing-module-dependencies}"
}

@MISC{pip,
    AUTHOR = "{Code in the hole}",
    TITLE = "Using pip and requirements.txt to install from the HEAD of a Github branch",
    NOTE = "\url{http://codeinthehole.com/writing/using-pip-and-requirementstxt-to-install-from-the-head-of-a-github-branch/}"
}

@MISC{maven,
    AUTHOR = "{Stack Overflow}",
    TITLE = "{Loading Maven dependencies from GitHub}",
    NOTE = "\url{https://stackoverflow.com/questions/20161602/loading-maven-dependencies-from-github}",
}

@MISC{cargo,
    AUTHOR = "{Stack Overflow}",
    TITLE = "{Where does Cargo put the Git requirements?}",
    NOTE = "\url{https://stackoverflow.com/questions/28069678/where-does-cargo-put-the-git-requirements}",
}

@MISC{opam,
    AUTHOR = "{Stack Overflow}",
    TITLE = "{How to install from specific branch with OPAM?}",
    NOTE = "\url{https://stackoverflow.com/questions/25277599/how-to-install-from-a-specific-git-branch-with-opam}"
}

@MISC{homakov-hack-again,
    AUTHOR = "Egor Homakov",
    TITLE = "{How I hacked GitHub again}",
    NOTE = "\url{http://homakov.blogspot.com/2014/02/how-i-hacked-github-again.html}",
}

@MISC{osx-git,
    AUTHOR = "{Apple Inc.}",
    TITLE = "{Mac Developer Library}",
    NOTE = "\url{https://developer.apple.com/library/mac/documentation/Darwin/Reference/ManPages/man1/git-http-backend.1.html}",
}

@MISC{ticket-branch,
    AUTHOR = "Briarproject",
    TITLE = "{Development Workflow}",
    NOTE = "\url{https://code.briarproject.org/akwizgran/briar/wikis/development-workflow}",
}


@MISC{fsf-hack,
    AUTHOR = "Geek.com",
    TITLE = "{Major Open Source Code Repository Hacked for months, says FSF}",
    NOTE = "\url{http://www.geek.com/news/major-open-source-code-repository-hacked-for-months-says-fsf-551344/}"
}

@MISC{cloud-spaces,
    AUTHOR = "gamasutra",
    TITLE = "{Cloud source host Code Spaces hacked, developers lose code}",
    NOTE = "\url{http://www.gamasutra.com/view/news/219462/Cloud_source_host_Code_Spaces_hacked_developers_lose_code.php}"
}

@MISC{redhat-hacked,
    AUTHOR = "ZDNet",
    TITLE = "{Red Hat's Ceph and Inktank code repositories were cracked}",
    NOTE = "\url{http://www.zdnet.com/article/red-hats-ceph-and-inktank-code-repositories-were-cracked/#!}"
}

@misc{adobe-hack,
    AUTHOR = "Gigaom",
    TITLE = "{Adobe source code breach; it's bad, real bad}",
    NOTE = "\url{https://gigaom.com/2013/10/04/adobe-source-code-breech-its-bad-real-bad/}"
}

@misc{proftpd-hack,
    AUTHOR = "ZDNet",
    TITLE = "{Open-source ProFTPD hacked, backdoor planted in source code}",
    NOTE = "\url{http://www.zdnet.com/article/open-source-proftpd-hacked-backdoor-planted-in-source-code/#!}"
}

@misc{apache-hack,
    AUTHOR = "{Apache Software Foundation}",
    TITLE = "Unauthorized Access to Apache Software Foundation Server",
    NOTE = "\url{https://www.apache.org/info/20010519-hack.html}",
}

@article{depot,
 author = {Mahajan, Prince and Setty, Srinath and Lee, Sangmin and Clement, Allen and Alvisi, Lorenzo and Dahlin, Mike and Walfish, Michael},
 title = {Depot: Cloud Storage with Minimal Trust},
 journal = {ACM Trans. Comput. Syst.},
 issue_date = {December 2011},
 volume = {29},
 number = {4},
 year = {2011},
 pages = {12:1--12:38},
 publisher = {ACM},
} 

@MISC{simplicity-git-tag,
    AUTHOR = "{The Art of Simplicity}",
    TITLE = "{TFS Build: Build from a tag}",
    NOTE = "\url{http://bartwullems.blogspot.com/2014/01/tfs-build-build-from-git-tag.html}"
}

@MISC{giternal,
    AUTHOR = "Mike Gunderloy",
    TITLE = "{Easy Git External Dependency Management with Giternal}",
    NOTE = "\url{http://www.rubyinside.com/giternal-easy-git-external-dependency-management-1322.html}",
}

@MISC{bundler,
    AUTHOR = "Bundler.io",
    TITLE = "{Bundler: the best way to manage your application's GEMS}",
    NOTE = "\url{http://bundler.io/git.html}",
}

@MISC{wordpress-composer,
    AUTHOR = "{Delicious Brains}",
    TITLE = "{Install wordpress site with Git}",
    NOTE = "\url{https://deliciousbrains.com/install-wordpress-subdirectory-composer-git-submodule/}"
}

@MISC{gitolite-deploy,
    AUTHOR = "Gitolite",
    TITLE = "{Git as a deployment tool}",
    NOTE = "\url{http://gitolite.com/deploy.html}",
}


@MISC{masochist,
    AUTHOR = "Greg Hurrell",
    TITLE = "{Deploying Masochist}",
    NOTE = "\url{https://wincent.com/blog/deploying-masochist}",
}


@inproceedings{forged-ssl-huang,
 author = {Huang, Lin Shung and Rice, Alex and Ellingsen, Erling and Jackson, Collin},
 title = {Analyzing Forged SSL Certificates in the Wild},
 booktitle = {Proceedings of the 2014 IEEE Symposium on Security and Privacy},
 series = {SP '14},
 year = {2014},
 isbn = {978-1-4799-4686-0},
 pages = {83--97},
 numpages = {15},
 url = {http://dx.doi.org/10.1109/SP.2014.13},
 doi = {10.1109/SP.2014.13},
 acmid = {2650791},
 publisher = {IEEE Computer Society},
 address = {Washington, DC, USA},
 keywords = {SSL, certificates, man-in-the-middle attack},
} 


@misc{i2p-keychain,
    AUTHOR = "I2P",
    TITLE = "{Setting trust evaluation hooks}",
    NOTE = "\url{https://geti2p.net/en/get-involved/guides/monotone#setting-up-trust-evaluation-hooks}",
}

@misc{git-key-dangling-object,
    AUTHOR = "{365 Git}",
    TITLE = "{Adding a GPG key to a repository}",
    NOTE = "\url{http://365git.tumblr.com/post/2813251228/adding-a-gpg-public-key-to-a-repository}",
}

@misc{ssl-forge-schneier,
    AUTHOR = "{Schneier on Security}",
    TITLE = "{Forging SSL Certificates}",
    NOTE = "\url{https://www.schneier.com/blog/archives/2008/12/forging_ssl_cer.html}"
}

@misc{state-ca-forgery,
	AUTHOR = "{Beta News}",
    TITLE = "{Has SSL become pointless? Researchers suspect state-sponsored CA forgery}",
    NOTE = "\url{http://betanews.com/2010/03/25/has-ssl-become-pointless-researchers-suspect-state-sponsored-ca-forgery/}"
}

@misc{lenovo-superfish,
    AUTHOR = "{Ars Technica}",
    TITLE = "Lenovo PCs ship with man-in-the-middle adware that breaks HTTPS connections ",
    NOTE = "{http://arstechnica.com/security/2015/02/lenovo-pcs-ship-with-man-in-the-middle-adware-that-breaks-https-connections/}"
}

@misc{cert-spoofing-fb,
    AUTHOR = "{ThreatPost}",
    TITLE = "Certificates Spoofing Google, Facebook, GoDaddy Could Trick Mobile Users",
    NOTE = "\url{https://threatpost.com/certificates-spoofing-google-facebook-godaddy-could-trick-mobile-users/104259/}"
}

@misc{gogo-in-flight-ca,
    AUTHOR = "{ZDNet}",
    TITLE  = "Gogo in-flight Wi-Fi serving spoofed SSL certificates",
    NOTE = "\url{http://www.zdnet.com/article/gogo-in-flight-wi-fi-serving-spoofed-ssl-certificates/}",
}

@misc{signed-push,
    TITLE = "Git Signed Push",
    NOTE = "\url{http://thread.gmane.org/gmane.comp.version-control.git/255520}"
}

@misc{commit-signing,
    AUTHOR = "{Git SCM}",
    TITLE = "Signing Your Work",
    NOTE = "\url{https://git-scm.com/book/en/v2/Git-Tools-Signing-Your-Work}"
}

@misc{rubygems-verification,
    AUTHOR = "{RubyGems.org}",
    TITLE = "Data Verification",
    NOTE  = "\url{http://blog.rubygems.org/2013/01/31/data-verification.html}",
}

@misc{goto-fail,
    Author = "Daniel A. Wheeler",
    Title = "{``The Apple goto fail vulnerability: lessons learned''}",
    NOTE = "\url{http://www.dwheeler.com/essays/apple-goto-fail.html}",
}


@misc{flame-ca,
    Author = "{Ars Technica}",
    TITLE = "``Flame Malware was signed by rogue CA certificate''",
    NOTE = "\url{http://arstechnica.com/security/2012/06/flame-malware-was-signed-by-rogue-microsoft-certificate/}"
}

@misc{poodle-ssl,
    Author = "{US-CERT}",
    Title = "{``SSL 3.0 Protocol Vulnerabilty and POODLE attack''}",
    NOTE = "\url{http://arstechnica.com/security/2012/06/flame-malware-was-signed-by-rogue-microsoft-certificate/}"
}

@misc{goto-fail-wired,
    Author  = "{Wired}",
    TITLE = "Behind iPhone’s Critical Security Bug, a Single Bad ‘Goto’",
    NOTE = "\url{http://www.wired.com/2014/02/gotofail/}"
}

@inproceedings{fhmss12,
 author = {Fahl, Sascha and Harbach, Marian and Muders, Thomas and Smith, Matthew and Sander, Uwe},
 title = {Helping Johnny 2.0 to Encrypt His Facebook Conversations},
 booktitle = {Proceedings of the Eighth Symposium on Usable Privacy and Security (SOUPS '12)},
 year = {2012},
 pages = {11:1--11:17},
 publisher = {ACM},
} 

@MISC{mitm1,
      AUTHOR = "",
      TITLE = "{China, GitHub and the man-in-the-middle}",
      NOTE = "\url{https://en.greatfire.org/blog/2013/jan/china-github-and-man-middle}"
}

@MISC{mitm2,
      AUTHOR = "arsTechnica",
      TITLE = "{Meet ``Great Cannon'', the man-in-the-middle weapon China used on GitHub}",
      NOTE = "\url{https://arstechnica.com/security/2015/04/meet-great-cannon-the-man-in-the-middle-weapon-china-used-on-github/}"
}

@MISC{chrome-browser-extension,
      AUTHOR = "",
      TITLE = "{Chrome browser extension}",
      NOTE = "\url{https://developer.chrome.com/extensions}"
}

@MISC{git-api,
      AUTHOR = "",
      TITLE = "{GitHub API}",
      NOTE = "\url{https://developer.github.com/v3/}"
}

@MISC{git-protocol,
      AUTHOR = "",
      TITLE = "{Git’s pack protocol}",
      NOTE = "\url{https://www.debian.org/News/2003/20031121}"
}

@misc{juniper-backdoor,
    author = {Stephen Checkoway and Shaanan Cohney and Christina Garman and Matthew Green and Nadia Heninger and Jacob Maskiewicz and Eric Rescorla and Hovav Shacham and Ralf-Philipp Weinmann},
    title = {A Systematic Analysis of the Juniper Dual EC Incident},
    howpublished = {Cryptology ePrint Archive, Report 2016/376},
    year = {2016},
    note = {\url{http://eprint.iacr.org/}},
}

@misc{git-sign,
    title = "{Git Tools - Signing your work}",
    author = "{git-scm.com}",
    note = "\url{https://git-scm.com/book/en/v2/Git-Tools-Signing-Your-Work}"
}

@misc{reprobuilds,
    title = "{Reproducible-builds.org -- Provide a verifiable path from source code to binary.}",
    author = "{The Reproducible Builds project}",
    note = "\url{https://reproducible-builds.org}"
}

@misc{twistlock,
    title = "{Reproducible-builds.org -- Provide a verifiable path from source code to binary.}",
    author = "{TwistLock}",
    note = "\url{https://reproducible-builds.org}"
}

@misc{codeship,
    title = "{Security | Codeship}",
    author = "{Codeship}",
    note = "\url{https://codeship.com/security}"
}

@misc{clair-coreos,
    title = "{CoreOS Delivers on Security with v1.0 of Clair Container Image Analyzer}",
    author = "{CoreOS}",
    note = "\url{https://coreos.com/blog/clair-v1.html}"
}

@misc{xcode,
    title="{Apple cleans up iOS App Store after first big malware attack}",
    author="{The Register}",
    note={\url{http://www.theregister.co.uk/2015/09/21/xcodeghost\_apple\_ios\_store\_malware\_zapped/}}
}

@misc{linux-mint-hack,
      AUTHOR = "ZDNet.com",
      TITLE = "Hacker explains how he put `backdoor' in hundreds of Linux Mint downloads",
      NOTE = "\url{http://www.zdnet.com/article/hacker-hundreds-were-tricked-into-installing-linux-mint-backdoor}"
}

@inproceedings{torres2016omitting,
  title={On omitting commits and committing omissions: Preventing Git metadata tampering that (re)introduces software vulnerabilities},
  author={Torres-Arias, Santiago and Ammula, Anil Kumar and Curtmola, Reza and Cappos, Justin},
  booktitle={25th USENIX Security Symposium (USENIX Security 16)},
  pages={379--395},
  year={2016}
}


@misc{git-commits-santiago,
    title="{Search results}",
    author="{GitHub}",
    note="\url{https://github.com/git/git/search?q=santiago%40nyu.edu&type=Commits&utf8=%E2%9C%93}"
}

@misc{git-213-contributors,
    title="{[ANNOUNCE] Git v2.13.0}",
    author="{Junio C. Hamano}",
    note="\url{https://github.com/blog/2360-git-2-13-has-been-released}"
}

@misc{git-commits-lukas,
    title="{Search results}",
    author="{GitHub}",
    note="\url{https://github.com/git/git/search?utf8=✓&q=luk.puehringer%40gmail.com&type=Commits}"
t 2.13 has been released}

@misc{ACMCCS2017,
    title="{ACM CCS 2017 website}",
    author="{ACM/SIGSAC}",
    note="\url{http://www.sigsac.org/ccs/CCS2017/}"
}

@misc{archlinux,
    title="{A simple, lightweight distribution}",
    author="{Arch Linux.org}",
    note="\url{https://www.archlinux.org/}"
}

@misc{debian,
    title="{Debian: The universal operating system}",
    author="{Software in the Public Interest (SPI)}",
    note="\url{https://www.debian.org}"
}

@misc{docker,
    title="{A Better Way to Build Apps}",
    author="{Docker Inc.}",
    note="\url{https://www.docker.com}",
}

@misc{opensuse,
    title="{The makers' choice for sysadmins, developers and desktop users.}",
    author="{SUSE LLC.}",
    note="\url{https://www.opensuse.org}",
}

@misc{dockercon2017,
    title="{Dockercon 17}",
    author="{Docker Inc.}",
    note="\url{https://2017.dockercon.com}",
}

@misc{dockercon2017talk,
    title="{Securing the Software Supply Chain with TUF and Docker}",
    author="{Justin Cappos, Santiago Torres-Arias}",
    note="\url{https://www.youtube.com/watch?v=SNge7-t4JRE&index=34&list=PLkA60AVN3hh_nihZ1mh6cO3n-uMdF7UlV}",
}

@misc{debconf2017,
    title="{DebConf 17}",
    author="{DebConf17 Team}",
    note="\url{https://debconf17.debconf.org/}",
}

@misc{ACME,
    title="{Automatic Certificate Management Environment (ACME)}",
    author="{ACME WOrking Group}",
    note="\url{https://ietf-wg-acme.github.io/acme/}",
}

@inproceedings {CONIKS,
author = {Marcela S. Melara and Aaron Blankstein and Joseph Bonneau and Edward W. Felten and Michael J. Freedman},
title = {CONIKS: Bringing Key Transparency to End Users},
booktitle = {24th USENIX Security Symposium (USENIX Security 15)},
year = {2015},
isbn = {978-1-931971-232},
address = {Washington, D.C.},
pages = {383--398},
url = {https://www.usenix.org/conference/usenixsecurity15/technical-sessions/presentation/melara},
publisher = {USENIX Association},
}

@misc{in-toto-spec,
    title="{in-toto specification}",
    author="{in-toto.io}",
    note="\url{https://github.com/in-toto/docs/blob/master/in-toto-spec.pdf}",
}

@misc{in-toto-impl,
    titie="{in-toto}",
    author="{in-toto}",
    note="\url{https://github.com/in-toto/in-toto}",
}


